@book{Tidwell08,
  author    = {Doug Tidwell},
  title     = {XSLT - Mastering XML Transformations},
  publisher = {O'Reilly},
  year      = 2008,
  month     = 6,
  edition   = 2,
  isbn      = {978-0-596-52721-1}
}

@misc{PrincipiaDiscordia,
  title = {{Principia Discordia}},
  year  = 1979,
  author = {Malaclypse the Younger},
  howpublished = "\url{http://principiadiscordia.com/book/1.php}",
  note = "zuletzt besucht am 23.05.2005"
}
